<?xml version="1.0" encoding="UTF-8"?><collection xmlns="http://www.loc.gov/MARC21/slim"><record><leader>00508nam--2200169-i-4500</leader><controlfield tag="001">000015372</controlfield><controlfield tag="002">20161230</controlfield><controlfield tag="005">20161230201031</controlfield><controlfield tag="008">060222s1000------------r-----000-0-eng-d</controlfield><datafield ind1=" " ind2=" " tag="040"><subfield code="a">IFIN-HH</subfield></datafield><datafield ind1=" " ind2=" " tag="080"><subfield code="a">532.584:556.02(043)</subfield></datafield><datafield ind1="1" ind2=" " tag="100"><subfield code="a">Brownlie, William R</subfield></datafield><datafield ind1="1" ind2="0" tag="245"><subfield code="a">Prediction of flow depth and sediment discharge in open channels</subfield><subfield code="c">William r. brownlie</subfield></datafield><datafield ind1=" " ind2=" " tag="260"><subfield code="a">Pasadena, California Institute Of Technology, 1981</subfield></datafield><datafield ind1=" " ind2=" " tag="300"><subfield code="a">XIII + 232 P</subfield></datafield><datafield ind1=" " ind2=" " tag="852"><subfield code="a">72208</subfield><subfield code="c">532</subfield></datafield><datafield ind1=" " ind2=" " tag="CAT"><subfield code="a">Sys</subfield><subfield code="c">20100723</subfield><subfield code="h">101737</subfield></datafield></record></collection>